<?xml version="1.0" encoding="UTF-8"?><record xmlns="http://www.loc.gov/MARC21/slim" xmlns:cinclude="http://apache.org/cocoon/include/1.0" xmlns:zs="http://www.loc.gov/zing/srw/">
  <leader>00420cz  a2200157n  4500</leader>
  <controlfield tag="001">no2008056484</controlfield>
  <controlfield tag="003">DLC</controlfield>
  <controlfield tag="005">20101224075020.0</controlfield>
  <controlfield tag="008">080414n| acannaabn          |a aaa     c</controlfield>
  <datafield tag="010" ind1=" " ind2=" ">
    <subfield code="a">no2008056484</subfield>
  </datafield>
  <datafield tag="035" ind1=" " ind2=" ">
    <subfield code="a">(OCoLC)oca07734196</subfield>
  </datafield>
  <datafield tag="040" ind1=" " ind2=" ">
    <subfield code="a">IOrQBI</subfield>
    <subfield code="b">eng</subfield>
    <subfield code="c">IOrQBI</subfield>
    <subfield code="d">DLC</subfield>
  </datafield>
  <datafield tag="053" ind1=" " ind2="0">
    <subfield code="a">PS3619.Y47</subfield>
  </datafield>
  <datafield tag="100" ind1="1" ind2=" ">
    <subfield code="a">Syers, Rita Hsu</subfield>
  </datafield>
  <datafield tag="400" ind1="1" ind2=" ">
    <subfield code="a">Hsu Syers, Rita</subfield>
  </datafield>
  <datafield tag="670" ind1=" " ind2=" ">
    <subfield code="a">Mystery of the crying ghost, c2006:</subfield>
    <subfield code="b">t.p. (Rita Hsu Syers)</subfield>
  </datafield>
</record>